<?xml version="1.0" encoding="UTF-8"?><collection xmlns="http://www.loc.gov/MARC21/slim"><record><leader>00559nam--2200205-u-4500</leader><controlfield tag="001">000051421</controlfield><controlfield tag="002">20161230</controlfield><controlfield tag="005">20161230201049</controlfield><controlfield tag="008">080714s1000------------r-----000-0-eng-d</controlfield><datafield ind1=" " ind2=" " tag="020"><subfield code="a">3-540-22360-6</subfield></datafield><datafield ind1=" " ind2=" " tag="040"><subfield code="a">IFIN-HH</subfield></datafield><datafield ind1=" " ind2=" " tag="080"><subfield code="a">519.2</subfield></datafield><datafield ind1="1" ind2=" " tag="100"><subfield code="a">Millman,V.D. and Schechtman,G. (eds.)</subfield></datafield><datafield ind1="1" ind2="0" tag="245"><subfield code="a">Geometric Aspects of Functional Anaysis</subfield></datafield><datafield ind1=" " ind2=" " tag="260"><subfield code="a">Berlin</subfield><subfield code="b">Springer-Verlag</subfield><subfield code="c">2004</subfield></datafield><datafield ind1=" " ind2=" " tag="300"><subfield code="a">301 p</subfield></datafield><datafield ind1=" " ind2=" " tag="490"><subfield code="a">Lecture Notes in Mathematics</subfield><subfield code="v">Vol.1850</subfield></datafield><datafield ind1=" " ind2="4" tag="650"><subfield code="a">Functional Analysis</subfield></datafield><datafield ind1=" " ind2=" " tag="852"><subfield code="a">81729</subfield><subfield code="c">517</subfield></datafield><datafield ind1=" " ind2=" " tag="CAT"><subfield code="a">Sys</subfield><subfield code="c">20080714</subfield><subfield code="h">124131</subfield></datafield></record></collection>